% NASA paper - graph based anomaly detection technique
@inproceedings{nasa,
  title={Detection and Characterization of Anomalies in Multivariate Time Series.},
  author={Cheng, Haibin and Tan, Pang-Ning and Potter, Christopher and Klooster, Steven A},
  booktitle={SDM},
  pages={413--424},
  year={2009},
  organization={SIAM}
}

% ARIMA on multiple time sries
@article{arima,
  title={Forecasting accounting data: A multiple time series analysis},
  author={Hillmer, SC and Larcker, DF and Schroeder, DA},
  journal={Journal of Forecasting},
  volume={2},
  number={4},
  pages={389--404},
  year={1983},
  publisher={Wiley Online Library}
}

% Book on R , NASA paper implemented : Read name as "NASA R Book"
@book{nasarbook,
  title={Practical Graph Mining with R},
  author={Samatova, Nagiza F and Hendrix, William and Jenkins, John and Padmanabhan, Kanchana and Chakraborty, Arpan},
  year={2013},
  publisher={CRC Press}
}

@misc{var,
author = {},
title = {9.2 Vector autoregressions | OTexts},
howpublished = {\url{https://www.otexts.org/fpp/9/2}},
month = {},
year = {},
}